<record><leader>00000cas a22000007a 4500</leader><controlfield tag="001">26075383</controlfield><controlfield tag="008">920624d19491953wyuwr ne      0    0eng d</controlfield><datafield ind1=" " ind2=" " tag="010"><subfield code="a">sn 92067114 </subfield></datafield><datafield ind1=" " ind2=" " tag="040"><subfield code="a">NVO</subfield><subfield code="b">eng</subfield><subfield code="c">NVO</subfield><subfield code="d">OCLCQ</subfield></datafield><datafield ind1=" " ind2=" " tag="042"><subfield code="a">msc</subfield></datafield><datafield ind1="0" ind2="4" tag="245"><subfield code="a">The Riverton times.</subfield></datafield><datafield ind1="1" ind2="3" tag="246"><subfield code="a">Riverton times and the Riverton press</subfield><subfield code="f">July 14-Aug. 4, 1949</subfield></datafield><datafield ind1="1" ind2="3" tag="246"><subfield code="a">Riverton times and the Riverton press, the Riverton reporter, the Fremont County independent</subfield></datafield><datafield ind1=" " ind2=" " tag="260"><subfield code="a">Riverton, Fremont County, Wyo. :</subfield><subfield code="b">R. Peck and R.A. Peck</subfield></datafield><datafield ind1=" " ind2=" " tag="300"><subfield code="a">v.</subfield></datafield><datafield ind1=" " ind2=" " tag="310"><subfield code="a">Weekly</subfield></datafield><datafield ind1="0" ind2=" " tag="362"><subfield code="a">Vol. 24, no. 12 (July 14, 1949)-v. 27, no. 46 (Feb. 26, 1953).</subfield></datafield><datafield ind1=" " ind2=" " tag="580"><subfield code="a">Below title: The Riverton times and the Riverton press, July-Aug. 1949.</subfield></datafield><datafield ind1=" " ind2="4" tag="651"><subfield code="a">Riverton (Wyo.)</subfield><subfield code="v">Newspapers.</subfield></datafield><datafield ind1=" " ind2="4" tag="651"><subfield code="a">Fremont County (Wyo.)</subfield><subfield code="v">Newspapers.</subfield></datafield><datafield ind1=" " ind2=" " tag="752"><subfield code="a">United States</subfield><subfield code="b">Wyoming</subfield><subfield code="c">Fremont</subfield><subfield code="d">Riverton.</subfield></datafield><datafield ind1="0" ind2="0" tag="780"><subfield code="t">Riverton press</subfield><subfield code="w">(DLC)sn 92067115</subfield></datafield><datafield ind1="0" ind2="7" tag="785"><subfield code="t">Riverton review (Riverton, Wyo. : 1937)</subfield><subfield code="w">(DLC)sn 92067105</subfield></datafield><datafield ind1="0" ind2="7" tag="785"><subfield code="t">Riverton ranger</subfield><subfield code="w">(DLC)sn 90051712</subfield></datafield><datafield ind1="1" ind2=" " tag="029"><subfield code="a">AU@</subfield><subfield code="b">000020692914</subfield></datafield></record>